<?xml version="1.0" encoding="UTF-8"?><collection xmlns="http://www.loc.gov/MARC21/slim"><record><leader>00514nam--2200121-i-4500</leader><controlfield tag="001">000032775</controlfield><controlfield tag="002">20161230</controlfield><controlfield tag="005">20161230201039</controlfield><controlfield tag="008">060222s1000------------r-----000-0-eng-d</controlfield><datafield ind1=" " ind2=" " tag="080"><subfield code="a">621.87</subfield></datafield><datafield ind1=" " ind2=" " tag="245"><subfield code="a">Modificari si completari la standardele de supraveghere tehnica `macarale, mecanisme de ridicat si dispozitivele lor auxiliare-stas 20020 ... 20027`. colectia inspectiei pt.cazane, recipienti sub presiune si instalatii de ridicat -i.s.c.i.r.- ed.oficiala</subfield></datafield><datafield ind1=" " ind2=" " tag="260"><subfield code="a">Bucuresti, Ed.Tehnica, 1973, 44p</subfield></datafield><datafield ind1=" " ind2=" " tag="852"><subfield code="a">41402</subfield></datafield></record></collection>